@inproceedings{OFDMAbackscatter,
  title={OFDMA-enabled Wi-Fi backscatter},
  author={Zhao, Renjie and Zhu, Fengyuan and Feng, Yuda and Peng, Siyuan and Tian, Xiaohua and Yu, Hui and Wang, Xinbing},
  booktitle={The 25th Annual International Conference on Mobile Computing and Networking},
  pages={1--15},
  year={2019}
}

@inproceedings{DigiScatter,
  title={DigiScatter: efficiently prototyping large-scale OFDMA backscatter networks},
  author={Zhu, Fengyuan and Feng, Yuda and Li, Qianru and Tian, Xiaohua and Wang, Xinbing},
  booktitle={Proceedings of the 18th International Conference on Mobile Systems, Applications, and Services},
  pages={42--53},
  year={2020}
}

@Article{sdphy,
  author    = {Zhu, Fengyuan and Ouyang, Mingwei and Feng, Luwei and Liu, Yaoyu and Tian, Xiaohua and Jin, Meng and Chen, Dongyao and Wang, Xinbing},
  title     = {Enabling software-defined PHY for backscatter networks},
  year      = {2022},
  pages     = {330--342},
  booktitle = {Proceedings of the 20th Annual International Conference on Mobile Systems, Applications and Services},
}

 
@Article{Fan2022,
  author    = {Fan, Deng-Ping and Ji, Ge-Peng and Cheng, Ming-Ming and Shao, Ling},
  journal   = {IEEE Transactions on Pattern Analysis and Machine Intelligence},
  title     = {Concealed Object Detection},
  year      = {2022},
  issn      = {1939-3539},
  month     = oct,
  number    = {10},
  pages     = {6024--6042},
  volume    = {44},
  doi       = {10.1109/tpami.2021.3085766},
  publisher = {Institute of Electrical and Electronics Engineers (IEEE)},
}

 
@Article{Wang2023,
  author    = {Wang, Xilong and Zhou, Jiaodi and Su, Kaijun and Du, Jinzhou and Wei, Longtao and Li, Xing and Du, Juan and Lu, Dongliang},
  journal   = {Frontiers in Marine Science},
  title     = {Atmospheric radioactive nuclide deposition on the coast of the Maowei Sea, northern Beibu Gulf, China},
  year       = {2023},
  issn      = {2296-7745},
  month     = jun,
  volume    = {10},
  doi       = {10.3389/fmars.2023.1196906},
  publisher = {Frontiers Media SA},
}

@Comment{jabref-meta: databaseType:bibtex;}
